@inproceedings{BossekKN00T19TSPcreative,
  author    = {Bossek, Jakob and Kerschke, Pascal and Neumann, Aneta and
               Wagner, Markus and Neumann, Frank and Trautmann, Heike},
  title     = {Evolving diverse {TSP} instances by means of novel and creative mutation operators},
  booktitle = {Proceedings of the 15th ACM/SIGEVO Conference on Foundations of Genetic Algorithms},
  pages     = {58--71},
  year      = {2019},
  publisher = {Association for Computing Machinery},
  address   = {New York, NY, USA}
}

@inproceedings{HBPSTK2021TSPnormalization,
  author    = {Heins, Jonathan and Bossek, Jakob and Pohl, Janina and Seiler, Moritz and Trautmann, Heike and Kerschke, Pascal},
  title     = {On the Potential of Normalized TSP Features for Automated Algorithm Selection},
  year      = {2021},
  booktitle = {Proceedings of the 16th ACM/SIGEVO Conference on Foundations of Genetic Algorithms}
}

@article{HutterEtAl2009,
  author     = {Hutter, Frank and Hoos, Holger H. and Leyton-Brown, Kevin and St\"{u}tzle, Thomas},
  title      = {ParamILS: An Automatic Algorithm Configuration Framework},
  year       = {2009},
  issue_date = {September 2009},
  publisher  = {AI Access Foundation},
  address    = {El Segundo, CA, USA},
  volume     = {36},
  number     = {1},
  issn       = {1076-9757},
  journal    = {J. Artif. Int. Res.},
  month      = {sep},
  pages      = {267â€“306},
  numpages   = {40}
}

@online{PyO3PyStruct,
  author  = {PyO3 Developers},
  title   = {pyo3::Py - Rust},
  url     = {https://docs.rs/pyo3/latest/pyo3/struct.Py.html},
  urldate = {2025-07-07}
}